@article{winograd1972understanding,
  added-at = {2011-08-03T12:16:19.000+0200},
  author = {Winograd, Terry},
  description = {ScienceDirect - Cognitive Psychology : Understanding natural language*1},
  doi = {10.1016/0010-0285(72)90002-3},
  interhash = {d72d9d4dfb0223b20b7f384f146a8c35},
  intrahash = {d1fe18b1c77572c1b56cac574dd8b1f5},
  issn = {0010-0285},
  journal = {Cognitive Psychology},
  keywords = {computationallinguistics parsing sentenceprocessing},
  number = 1,
  pages = {1 - 191},
  timestamp = {2011-08-03T12:16:20.000+0200},
  title = {Understanding natural language},
  volume = 3,
  year = 1972
}

@inproceedings{mauldin1994chatterbots,
  added-at = {2012-12-11T00:00:00.000+0100},
  author = {Mauldin, Michael L.},
  booktitle = {AAAI},
  editor = {Hayes-Roth, Barbara and Korf, Richard E.},
  ee = {http://www.aaai.org/Library/AAAI/1994/aaai94-003.php},
  interhash = {5a3231c622a5253f39d200d6fa09f98c},
  intrahash = {0d837361e738f6f427799cd00d2ea80c},
  isbn = {0-262-61102-3},
  keywords = {dblp},
  pages = {16-21},
  publisher = {AAAI Press / The MIT Press},
  timestamp = {2012-12-12T11:46:03.000+0100},
  title = {CHATTERBOTS, TINYMUDS, and the Turing Test: Entering the Loebner Prize Competition.},
  year = 1994
}

@article{turing2009computing,
  added-at = {2008-06-19T17:35:00.000+0200},
  author = {Turing, A. M.},
  bibsource = {OAI-PMH server at cogprints.ecs.soton.ac.uk},
  identifier = {Turing, A. M. (1950) Computing Machinery and
                 Intelligence. Mind 59:pp.~433-460.},
  interhash = {3f7a151a4f79fe75b4bb148b41279a9b},
  intrahash = {318b815a1f1554afc878daf72a76dc5e},
  journal = {Mind},
  keywords = {Artificial Cognitive Intelligence, Language, Learning, Machine Mind, Philosophy Psychology, Robotics algorithms, genetic of programming,},
  month = {January~01},
  pages = {433--460},
  timestamp = {2008-06-19T17:53:23.000+0200},
  title = {Computing Machinery and Intelligence},
  volume = 49,
  year = 1950
}

@book{russel2010,
  added-at = {2020-02-01T18:23:11.000+0100},
  author = {Russell, Stuart and Norvig, Peter},
  edition = 3,
  interhash = {53908a52dd4c6c8e39f93f4ffc8341be},
  intrahash = {0533b732950d1c5ab4ac12d4f32fe637},
  keywords = {ties4530},
  publisher = {Prentice Hall},
  timestamp = {2020-02-01T18:23:11.000+0100},
  title = {Artificial Intelligence: A Modern Approach},
  year = 2010
}

@book{preston2002views,
  title={Views into the Chinese room: New essays on Searle and artificial intelligence},
  author={Preston, John and Bishop, Mark},
  year={2002},
  publisher={Oxford University Press}
}

@inproceedings{confbringsjord2003artificial,
  author = {Bringsjord, Selmer and Schimanski, Bettina},
  booktitle = {IJCAI},
  editor = {Gottlob, Georg and Walsh, Toby},
  ee = {http://ijcai.org/Proceedings/03/Papers/128.pdf},
  interhash = {3b5e4ee7eb634f1482421673f82d230c},
  intrahash = {3325425a5e7876a94c84bd798e847c78},
  keywords = {dblp},
  pages = {887-893},
  publisher = {Morgan Kaufmann},
  timestamp = {2019-08-21T11:52:16.000+0200},
  title = {What is Artificial Intelligence? Psychometric AI as an Answer.},
  year = 2003
}

@book{booksmichie1994machine,
  author = {Michie, Donald and Spiegelhalter, David J. and Taylor, C. C.},
  description = {dblp},
  interhash = {a7eaa0d28768a044ffc8321a006a4098},
  intrahash = {dcc17a27098c68abb982b2576ff10e1d},
  isbn = {0-13-106360-X},
  keywords = {dblp},
  publisher = {Ellis Horwood},
  title = {Machine Learning, Neural and Statistical Classification},
  year = 1994
}

@article{sathya2013comparison,
  title={Comparison of supervised and unsupervised learning algorithms for pattern classification},
  author={Sathya, Ramadass and Abraham, Annamma and others},
  journal={International Journal of Advanced Research in Artificial Intelligence},
  volume={2},
  number={2},
  pages={34--38},
  year={2013},
  publisher={Citeseer}
}

@book{davis1982knowledge,
  title={Knowledge-Based Systems in Artificial Intelligence: 2 Case Studies},
  author={Davis, Randall and Lenat, Douglas B},
  year={1982},
  publisher={McGraw-Hill, Inc.}
}

@book{dale2000handbook,
  title={Handbook of natural language processing},
  author={Dale, Robert and Moisl, Hermann and Somers, Harold},
  year={2000},
  publisher={CRC press}
}

@article{zadeh1996fuzzy,
  title={Fuzzy logic= computing with words},
  author={Zadeh, LA},
  journal={IEEE Transactions on Fuzzy Systems},
  volume={4},
  number={2},
  pages={103--111},
  year={1996},
  publisher={IEEE Press Piscataway, NJ, USA}
}

@incollection{brady1984artificial,
  title={Artificial intelligence and robotics},
  author={Brady, Michael},
  booktitle={Robotics and Artificial Intelligence},
  pages={47--63},
  year={1984},
  publisher={Springer}
}

@article{geman1992neural,
  title={Neural networks and the bias/variance dilemma},
  author={Geman, Stuart and Bienenstock, Elie and Doursat, Ren{\'e}},
  journal={Neural computation},
  volume={4},
  number={1},
  pages={1--58},
  year={1992},
  publisher={MIT Press One Rogers Street, Cambridge, MA 02142-1209, USA journals-info~â€¦}
}

@article{james2003variance,
  title={Variance and bias for general loss functions},
  author={James, Gareth M},
  journal={Machine learning},
  volume={51},
  number={2},
  pages={115--135},
  year={2003},
  publisher={Springer}
}

@misc{biasandvarianceillustration,
   title={Bias and variance},
   journal={Understanding the Bias-Variance Tradeoff},
   author={Fortmann-Roe, Scott},
   editor={Fortmann-Roe, Scott},
   url={http://scott.fortmann-roe.com/docs/BiasVariance.html},
   year={2012}
}

@book{tan2016introduction,
  title={Introduction to data mining},
  author={Tan, Pang-Ning and Steinbach, Michael and Kumar, Vipin},
  year={2016},
  publisher={Pearson Education India}
}
 
 @book{harrington2012machine,
  title={Machine learning in action},
  author={Harrington, Peter},
  year={2012},
  publisher={Simon and Schuster}
}

@article{hall2008choice,
  title={Choice of neighbor order in nearest-neighbor classification},
  author={Hall, Peter and Park, Byeong U and Samworth, Richard J},
  journal={the Annals of Statistics},
  volume={36},
  number={5},
  pages={2135--2152},
  year={2008},
  publisher={Institute of Mathematical Statistics}
}

@article{cover1967nearest,
  title={Nearest neighbor pattern classification},
  author={Cover, Thomas and Hart, Peter},
  journal={IEEE transactions on information theory},
  volume={13},
  number={1},
  pages={21--27},
  year={1967},
  publisher={IEEE}
}

@article{chao2011machine,
  title={Machine learning tutorial},
  author={Chao, Wei-Lun},
  journal={Digital Image and Signal Processing},
  year={2011},
  publisher={National Taiwan University Taiwan}
}

@article{sonawale2015dimensionality,
  title={Dimensionality reduction: an effective technique for feature selection},
  author={Sonawale, Swati A and Ade, Roshani},
  journal={International Journal of Computer Applications},
  volume={117},
  number={3},
  year={2015},
  publisher={Citeseer}
}

@inproceedings{biricik2012comparing,
  title={Comparing the impacts of dimension reduction methods that use class labels on text classification},
  author={Biricik, G{\"o}ksel},
  booktitle={2012 20th Signal Processing and Communications Applications Conference (SIU)},
  pages={1--4},
  year={2012},
  organization={IEEE}
}

@inproceedings{scholkopf1997kernel,
  title={Kernel principal component analysis},
  author={Sch{\"o}lkopf, Bernhard and Smola, Alexander and M{\"u}ller, Klaus-Robert},
  booktitle={International conference on artificial neural networks},
  pages={583--588},
  year={1997},
  organization={Springer}
}

@book{sutton2018reinforcement,
  title={Reinforcement learning: An introduction},
  author={Sutton, Richard S and Barto, Andrew G},
  year={2018},
  publisher={MIT press}
}

@book{alpaydin2020introduction,
  title={Introduction to machine learning},
  author={Alpaydin, Ethem},
  year={2020},
  publisher={MIT press}
}

@article{watkins1989learning,
  title={Learning from delayed rewards},
  author={Watkins, Christopher John Cornish Hellaby},
  year={1989},
  publisher={King's College, Cambridge United Kingdom}
}

@inproceedings{tijsma2016comparing,
  title={Comparing exploration strategies for q-learning in random stochastic mazes},
  author={Tijsma, Arryon D and Drugan, Madalina M and Wiering, Marco A},
  booktitle={2016 IEEE Symposium Series on Computational Intelligence (SSCI)},
  pages={1--8},
  year={2016},
  organization={IEEE}
}

@article{guo2004new,
  title={A new Q-learning algorithm based on the metropolis criterion},
  author={Guo, Maozu and Liu, Yang and Malec, Jacek},
  journal={IEEE Transactions on Systems, Man, and Cybernetics, Part B (Cybernetics)},
  volume={34},
  number={5},
  pages={2140--2143},
  year={2004},
  publisher={IEEE}
}

@incollection{whitehead1991complexity,
  title={Complexity and cooperation in Q-learning},
  author={Whitehead, Steven D},
  booktitle={Machine Learning Proceedings 1991},
  pages={363--367},
  year={1991},
  publisher={Elsevier}
}

@article{ha2018world,
  title={World models},
  author={Ha, David and Schmidhuber, J{\"u}rgen},
  journal={arXiv preprint arXiv:1803.10122},
  year={2018}
}

@inproceedings{racaniere2017imagination,
  title={Imagination-augmented agents for deep reinforcement learning},
  author={Racani{\`e}re, S{\'e}bastien and Weber, Th{\'e}ophane and Reichert, David P and Buesing, Lars and Guez, Arthur and Rezende, Danilo and Badia, Adria Puigdomenech and Vinyals, Oriol and Heess, Nicolas and Li, Yujia and others},
  booktitle={Proceedings of the 31st International Conference on Neural Information Processing Systems},
  pages={5694--5705},
  year={2017}
}

@article{bansal2017mbmf,
  title={Mbmf: Model-based priors for model-free reinforcement learning},
  author={Bansal, Somil and Calandra, Roberto and Chua, Kurtland and Levine, Sergey and Tomlin, Claire},
  journal={arXiv preprint arXiv:1709.03153},
  year={2017}
}

@inproceedings{deisenroth2011pilco,
  title={PILCO: A model-based and data-efficient approach to policy search},
  author={Deisenroth, Marc and Rasmussen, Carl E},
  booktitle={Proceedings of the 28th International Conference on machine learning (ICML-11)},
  pages={465--472},
  year={2011},
  organization={Citeseer}
}

@book{pitas2000digital,
  title={Digital image processing algorithms and applications},
  author={Pitas, Ioannis},
  year={2000},
  publisher={John Wiley \& Sons}
}


@book{gonzalez2002digital, 
  place={New York, NY}, 
  title={Digital image processing}, 
  publisher={Pearson}, 
  author={Gonzalez, Rafael C. and Woods, Richard E.}, year={2018}
}

@article{kurihara2012shading,
  title={Shading of a computer-generated hologram by zone plate modulation},
  author={Kurihara, Takayuki and Takaki, Yasuhiro},
  journal={Optics express},
  volume={20},
  number={4},
  pages={3529--3540},
  year={2012},
  publisher={Optical Society of America}
}

@misc{ElectromagneticSpectrum,
  author={Jessica Franson},
  editor={Jessica Franson},
  title = {Electromagnetic Spectrum},
  year = 2021,
  url = {https://sites.google.com/a/coe.edu/principles-of-structural-chemistry/relationship-between-light-and-matter/electromagnetic-spectrum},
  urldate = {2021-09-30}
}

@book{umbaugh2005computer,
  title={Computer imaging: digital image analysis and processing},
  author={Umbaugh, Scott E},
  year={2005},
  publisher={CRC press}
}

@book{costa2000shape,
  title={Shape analysis and classification: theory and practice},
  author={Costa, Luciano da Fontoura Da and Cesar Jr, Roberto Marcondes},
  year={2000},
  publisher={CRC Press, Inc.}
}

@book{russ2010image,	
    title	= {The image processing handbook},
    author	= {Russ, John C},
    year	= {2010},
    publisher	= {CRC press}
}

@article{getreuer2013survey,
  title={A survey of Gaussian convolution algorithms},
  author={Getreuer, Pascal},
  journal={Image Processing On Line},
  volume={2013},
  pages={286--310},
  year={2013}
}

@article{prewitt1970object,
  title={Object enhancement and extraction},
  author={Prewitt, Judith MS},
  journal={Picture processing and Psychopictorics},
  volume={10},
  number={1},
  pages={15--19},
  year={1970},
  publisher={Academic Press New York}
}

@book{bovik2010handbook,
  title={Handbook of image and video processing},
  author={Bovik, Alan C},
  year={2010},
  publisher={Academic press}
}

@book{moeslund2009image,
  title={Image and video processing},
  author={Moeslund, Thomas B},
  year={2009},
  publisher={Institut for Medieteknologi, Aalborg Universitet}
}

@article{wozniacka2013body,
  title={Body weight and the medial longitudinal foot arch: high-arched foot, a hidden problem?},
  author={Wo{\'z}niacka, R and Bac, A and Matusik, S and Szczygie{\l}, El{\.z}bieta and Ciszek, E},
  journal={European journal of pediatrics},
  volume={172},
  number={5},
  pages={683--691},
  year={2013},
  publisher={Springer}
}

@article{kohls2009prevalence,
  title={The prevalence of symptomatic posterior tibialis tendon dysfunction in women over the age of 40 in England},
  author={Kohls-Gatzoulis, J and Woods, B and Angel, JC and Singh, D},
  journal={Foot and Ankle Surgery},
  volume={15},
  number={2},
  pages={75--81},
  year={2009},
  publisher={Elsevier}
}

@article{da1963idiopathic,
  title={" IDIOPATHIC" PES CAVUS: AN INVESTIGATION INTO ITS AETIOLOGY.},
  author={DA, BREWERTON and DR, SWEETNAM},
  journal={British Medical Journal},
  volume={2},
  number={5358},
  pages={659--661},
  year={1963}
}

@article{gun2012pes,
  title={Pes Planus Tan{\i}s{\i}nda Ayak {\.I}zi ve Radyografik {\"O}l{\c{c}}{\"u}m Y{\"o}ntemlerinin Korelasyonu.},
  author={G{\"u}n, Kerem and Sarido{\u{G}}an, Merih and Uysal, {\"O}mer},
  journal={Turkish Journal of Physical Medicine \& Rehabilitation/Turkiye Fiziksel Tip ve Rehabilitasyon Dergisi},
  volume={58},
  number={4},
  year={2012}
}

@article{dahmani2020zero,
  title={Zero-sum game theory model for segmenting skin regions},
  author={Dahmani, Djamila and Cheref, Mehdi and Larabi, Slimane},
  journal={Image and Vision Computing},
  volume={99},
  pages={103925},
  year={2020},
  publisher={Elsevier}
}

@article{deniz2014ccocuklardaki,
  title={{\c{C}}ocuklardaki Fleksibl Pes Planusun Y{\"u}kl{\"u} ve Y{\"u}ks{\"u}z Radyografilerle De{\u{g}}erlendirilmesi},
  author={Deniz, G{\"u}lnihal and KavaklÄ±, Ahmet and {\"O}get{\"u}rk, Murat and {\"O}zt{\"u}rk, Derya and Tatar, Nilg{\"u}n and Perilio{\u{g}}lu, Ahmet Zafer},
  journal={F{\i}rat {\"U}niversitesi Sa{\u{g}}l{\i}k Bilimleri T{\i}p Dergisi},
  volume={28},
  number={3},
  pages={129--132},
  year={2014}
}
@article{flores2019adult,
  title={Adult acquired flatfoot deformity: anatomy, biomechanics, staging, and imaging findings},
  author={Flores, Dyan V and Mej{\'\i}a G{\'o}mez, Catalina and Fern{\'a}ndez Hernando, Mois{\'e}s and Davis, Michael A and Pathria, Mini N},
  journal={Radiographics},
  volume={39},
  number={5},
  pages={1437--1460},
  year={2019},
  publisher={Radiological Society of North America}
}
@book{yates2009merriman,
  title={Merriman's assessment of the lower limb},
  author={Yates, Ben and Merriman, Linda M},
  year={2009},
  publisher={Elsevier Health Sciences}
}

@article{vanderwilde1988measurements,
  title={Measurements on radiographs of the foot in normal infants and children.},
  author={Vanderwilde, RUSSELL and Staheli, LT and Chew, DE and Malagon, VALENTIN},
  journal={The Journal of bone and joint surgery. American volume},
  volume={70},
  number={3},
  pages={407--415},
  year={1988}
}

@book{banks2001mcglamry,
  title={McGlamry's comprehensive textbook of foot and ankle surgery},
  author={Banks, Alan S},
  volume={1},
  year={2001},
  publisher={Lippincott Williams \& Wilkins}
}

@article{almaawi2019flatfoot,
  title={Flatfoot Prevalence in Riyadh City Saudi Arabia And Its Association with Obesity, Using Three Footprint Indices; Clark{\^a}â‚¬â„¢ s Angle, Chippaux-Smirak Index, and Staheli Index},
  author={Almaawi, Abdulaziz and Alotaibi, Nawaf and Alsubaie, Mohammed and Altwaijri, Nouf and Alduraibi, Khalid and Awwad, Waleed and Algarni, Abdulrahman and others},
  journal={Orthopedics and Rheumatology Open Access Journals},
  volume={15},
  number={2},
  pages={52--58},
  year={2019},
  publisher={Juniper Publishers Inc.}
}

@misc{radiopaediamearysangle,
   title={Meary's angle},
   journal={Radiopaedia},
   author={Dr Pablo Lorenzzoni},
   editor={Dr Pablo Lorenzzoni},
   url={https://radiopaedia.org/cases/mearys-angle},
   year={2020}
}

@book{davies2012imaging,
  title={Imaging of the foot \& ankle: techniques and applications},
  author={Davies, A Mark and Whitehouse, Richard W and Jenkins, Jeremy PR},
  year={2012},
  publisher={Springer Science \& Business Media}
}

@article{ozer2012evaluation,
  title={Evaluation of the sole morphology of professional football players},
  author={Ozer, Cenk Murat and Barut, Cagatay},
  journal={International SportMed Journal},
  volume={13},
  number={1},
  pages={8--17},
  year={2012},
  publisher={International Federation of Sports Medicine}
}

@article{igbigbi2005arch,
  title={Arch index as a predictor of pes planus: a comparative study of indigenous Kenyans and Tanzanians},
  author={Igbigbi, Patrick S and Msamati, Boniface C and Shariff, Macfenton B},
  journal={Journal of the American Podiatric Medical Association},
  volume={95},
  number={3},
  pages={273--276},
  year={2005},
  publisher={The American Podiatric Medical Association}
}

@article{hegazy2021comparing,
  title={Comparing Validity and Diagnostic Accuracy of Clarkeâ€™s Angle and Foot Posture Index-6 to Determine Flexible Flatfoot in Adolescents: A Cross-Sectional Investigation},
  author={Hegazy, Fatma and Aboelnasr, Emad and Abuzaid, Mohamed and Kim, In-Ju and Salem, Yasser},
  journal={Journal of Multidisciplinary Healthcare},
  volume={14},
  pages={2705},
  year={2021},
  publisher={Dove Press}
}

@article{hillstrom2013foot,
  title={Foot type biomechanics part 1: structure and function of the asymptomatic foot},
  author={Hillstrom, Howard J and Song, Jinsup and Kraszewski, Andrew P and Hafer, Jocelyn F and Mootanah, Rajshree and Dufour, Alyssa B and Chow, Betty Shingpui and Deland III, Jonathan T},
  journal={Gait \& posture},
  volume={37},
  number={3},
  pages={445--451},
  year={2013},
  publisher={Elsevier}
}

@article{miller2014effect,
  title={The effect of minimal shoes on arch structure and intrinsic foot muscle strength},
  author={Miller, Elizabeth E and Whitcome, Katherine K and Lieberman, Daniel E and Norton, Heather L and Dyer, Rachael E},
  journal={Journal of Sport and Health Science},
  volume={3},
  number={2},
  pages={74--85},
  year={2014},
  publisher={Elsevier}
}

@article{huerta2008relationship,
  title={Relationship of body mass index, ankle dorsiflexion, and foot pronation on plantar fascia thickness in healthy, asymptomatic subjects},
  author={Huerta, Javier Pascual and GarcÃ­a, Juan Maria AlarcÃ³n and Matamoros, Eva Cosin and Matamoros, Julia Cosin and MartÃ­nez, Teresa DÃ­az},
  journal={Journal of the American Podiatric Medical Association},
  volume={98},
  number={5},
  pages={379--385},
  year={2008},
  publisher={The American Podiatric Medical Association}
}

@article{jonson1997intraexaminer,
  title={Intraexaminer reliability, interexaminer reliability, and mean values for nine lower extremity skeletal measures in healthy naval midshipmen},
  author={Jonson, LCDR Scott R and Gross, Michael T},
  journal={Journal of Orthopaedic \& Sports Physical Therapy},
  volume={25},
  number={4},
  pages={253--263},
  year={1997},
  publisher={JOSPT, Inc. JOSPT, 1033 North Fairfax Street, Suite 304, Alexandria, VA~â€¦}
}

@article{hssina2014comparative,
  title={A comparative study of decision tree ID3 and C4. 5},
  author={Hssina, Badr and Merbouha, Abdelkarim and Ezzikouri, Hanane and Erritali, Mohammed},
  journal={International Journal of Advanced Computer Science and Applications},
  volume={4},
  number={2},
  pages={13--19},
  year={2014}
}

@inproceedings{jin2009improved,
  title={An improved ID3 decision tree algorithm},
  author={Jin, Chen and De-Lin, Luo and Fen-Xiang, Mu},
  booktitle={2009 4th International Conference on Computer Science \& Education},
  pages={127--130},
  year={2009},
  organization={IEEE}
}

@article{kim2021dynamic,
  title={Dynamic medial column stabilization using flexor hallucis longus tendon transfer in the surgical reconstruction of flatfoot deformity in adults},
  author={Kim, Jaeyoung and Kim, Ji-Beom and Lee, Woo-Chun},
  journal={Foot and Ankle Surgery},
  volume={27},
  number={8},
  pages={920--927},
  year={2021},
  publisher={Elsevier}
}

@misc{physiopediapescavus,
   title={Pes Cavus},
   publisher={Physiopedia},
   journal={Physiopedia},
   author={Sem Bras},
   editor={Sem Bras},
   url={https://www.physio-pedia.com/Pes_cavus},
   year={2020}
}

@article{langley2016clinical,
  title={Clinical measures of static foot posture do not agree},
  author={Langley, Ben and Cramp, Mary and Morrison, Stewart C},
  journal={Journal of foot and ankle research},
  volume={9},
  number={1},
  pages={1--6},
  year={2016},
  publisher={BioMed Central}
}

@book{goodfellow2016deep,
  title={Deep learning},
  author={Goodfellow, Ian and Bengio, Yoshua and Courville, Aaron},
  year={2016},
  publisher={MIT press}
}

@article{lecun2015deep,
  title={Deep learning},
  author={LeCun, Yann and Bengio, Yoshua and Hinton, Geoffrey},
  journal={nature},
  volume={521},
  number={7553},
  pages={436--444},
  year={2015},
  publisher={Nature Publishing Group}
}

@article{chen2015net2net,
  title={Net2net: Accelerating learning via knowledge transfer},
  author={Chen, Tianqi and Goodfellow, Ian and Shlens, Jonathon},
  journal={arXiv preprint arXiv:1511.05641},
  year={2015}
}

@inproceedings{huang2013cross,
  title={Cross-language knowledge transfer using multilingual deep neural network with shared hidden layers},
  author={Huang, Jui-Ting and Li, Jinyu and Yu, Dong and Deng, Li and Gong, Yifan},
  booktitle={2013 IEEE International Conference on Acoustics, Speech and Signal Processing},
  pages={7304--7308},
  year={2013},
  organization={IEEE}
}

@article{baldi1993neural,
  title={Neural networks for fingerprint recognition},
  author={Baldi, Pierre and Chauvin, Yves},
  journal={neural computation},
  volume={5},
  number={3},
  pages={402--418},
  year={1993},
  publisher={MIT Press}
}

@inproceedings{tian2018deeptest,
  title={Deeptest: Automated testing of deep-neural-network-driven autonomous cars},
  author={Tian, Yuchi and Pei, Kexin and Jana, Suman and Ray, Baishakhi},
  booktitle={Proceedings of the 40th international conference on software engineering},
  pages={303--314},
  year={2018}
}

@article{melin2006voice,
  title={Voice Recognition with Neural Networks, Type-2 Fuzzy Logic and Genetic Algorithms.},
  author={Melin, Patricia and Urias, Jerica and Solano, Daniel and Soto, Miguel and Lopez, Miguel and Castillo, Oscar},
  journal={Engineering Letters},
  volume={13},
  number={3},
  year={2006},
  publisher={Citeseer}
}

@article{hsieh1998applying,
  title={Applying neural network models to prediction and data analysis in meteorology and oceanography},
  author={Hsieh, William W and Tang, Benyang},
  journal={Bulletin of the American Meteorological Society},
  volume={79},
  number={9},
  pages={1855--1870},
  year={1998},
  publisher={American Meteorological Society}
}

@article{oh2002class,
  title={A class-modular feedforward neural network for handwriting recognition},
  author={Oh, Il-Seok and Suen, Ching Y},
  journal={pattern recognition},
  volume={35},
  number={1},
  pages={229--244},
  year={2002},
  publisher={Elsevier}
}

@article{veronez2011regional,
  title={Regional mapping of the geoid using GNSS (GPS) measurements and an artificial neural network},
  author={Veronez, Mauricio Roberto and Flor{\^e}ncio de Souza, S{\'e}rgio and Matsuoka, Marcelo Tomio and Reinhardt, Alessandro and Maced{\^o}nio da Silva, Reginaldo},
  journal={Remote sensing},
  volume={3},
  number={4},
  pages={668--683},
  year={2011},
  publisher={Molecular Diversity Preservation International}
}

@article{bre2018prediction,
  title={Prediction of wind pressure coefficients on building surfaces using artificial neural networks},
  author={Bre, Facundo and Gimenez, Juan M and Fachinotti, V{\'\i}ctor D},
  journal={Energy and Buildings},
  volume={158},
  pages={1429--1441},
  year={2018},
  publisher={Elsevier}
}

@book{medsker1999recurrent,
  title={Recurrent neural networks: design and applications},
  author={Medsker, Larry and Jain, Lakhmi C},
  year={1999},
  publisher={CRC press}
}

@article{quiza2009computational,
  title={Computational modeling of machining systems},
  author={Quiza, Ramon and Davim, JP},
  journal={Intelligent machining: modeling and optimization of the machining processes and systems. London: ISTE},
  pages={173--213},
  year={2009}
}

@inproceedings{mikolov2011extensions,
  title={Extensions of recurrent neural network language model},
  author={Mikolov, Tom{\'a}{\v{s}} and Kombrink, Stefan and Burget, Luk{\'a}{\v{s}} and {\v{C}}ernock{\`y}, Jan and Khudanpur, Sanjeev},
  booktitle={2011 IEEE international conference on acoustics, speech and signal processing (ICASSP)},
  pages={5528--5531},
  year={2011},
  organization={IEEE}
}

@article{cho2014learning,
  title={Learning phrase representations using RNN encoder-decoder for statistical machine translation},
  author={Cho, Kyunghyun and Van Merri{\"e}nboer, Bart and Gulcehre, Caglar and Bahdanau, Dzmitry and Bougares, Fethi and Schwenk, Holger and Bengio, Yoshua},
  journal={arXiv preprint arXiv:1406.1078},
  year={2014}
}

@inproceedings{miao2015eesen,
  title={EESEN: End-to-end speech recognition using deep RNN models and WFST-based decoding},
  author={Miao, Yajie and Gowayyed, Mohammad and Metze, Florian},
  booktitle={2015 IEEE Workshop on Automatic Speech Recognition and Understanding (ASRU)},
  pages={167--174},
  year={2015},
  organization={IEEE}
}

@article{mao2014deep,
  title={Deep captioning with multimodal recurrent neural networks (m-rnn)},
  author={Mao, Junhua and Xu, Wei and Yang, Yi and Wang, Jiang and Huang, Zhiheng and Yuille, Alan},
  journal={arXiv preprint arXiv:1412.6632},
  year={2014}
}

@incollection{garg2021video,
  title={Video Tagging and Recommender System Using Deep Learning},
  author={Garg, Varsha and Markhedkar, Vidhi Ajay and Lale, Shalvi Sanjay and Raghunandan, TN},
  booktitle={Innovations in Computational Intelligence and Computer Vision},
  pages={302--310},
  year={2021},
  publisher={Springer}
}

@article{gu2018recent,
  title={Recent advances in convolutional neural networks},
  author={Gu, Jiuxiang and Wang, Zhenhua and Kuen, Jason and Ma, Lianyang and Shahroudy, Amir and Shuai, Bing and Liu, Ting and Wang, Xingxing and Wang, Gang and Cai, Jianfei and others},
  journal={Pattern Recognition},
  volume={77},
  pages={354--377},
  year={2018},
  publisher={Elsevier}
}

@article{bouvrie2006notes,
  title={Notes on convolutional neural networks},
  author={Bouvrie, Jake},
  year={2006}
}

@inproceedings{lavin2016fast,
  title={Fast algorithms for convolutional neural networks},
  author={Lavin, Andrew and Gray, Scott},
  booktitle={Proceedings of the IEEE conference on computer vision and pattern recognition},
  pages={4013--4021},
  year={2016}
}

@article{ferracuti2019business,
  title={A business application of RTLS technology in Intelligent Retail Environment: Defining the shopper's preferred path and its segmentation},
  author={Ferracuti, Noemi and Norscini, Claudia and Frontoni, E and Gabellini, P and Paolanti, M and Placidi, Valerio},
  journal={Journal of Retailing and Consumer Services},
  volume={47},
  pages={184--194},
  year={2019},
  publisher={Elsevier}
}

@inproceedings{nogueira2019retailnet,
  title={RetailNet: A deep learning approach for people counting and hot spots detection in retail stores},
  author={Nogueira, Val{\'e}rio and Oliveira, Hugo and Silva, Jos{\'e} Augusto and Vieira, Thales and Oliveira, Krerley},
  booktitle={2019 32nd SIBGRAPI Conference on Graphics, Patterns and Images (SIBGRAPI)},
  pages={155--162},
  year={2019},
  organization={IEEE}
}

@inproceedings{rausch2017learning,
  title={Learning a deep neural net policy for end-to-end control of autonomous vehicles},
  author={Rausch, Viktor and Hansen, Andreas and Solowjow, Eugen and Liu, Chang and Kreuzer, Edwin and Hedrick, J Karl},
  booktitle={2017 American Control Conference (ACC)},
  pages={4914--4919},
  year={2017},
  organization={IEEE}
}

@inproceedings{yang2015facial,
  title={From facial parts responses to face detection: A deep learning approach},
  author={Yang, Shuo and Luo, Ping and Loy, Chen-Change and Tang, Xiaoou},
  booktitle={Proceedings of the IEEE international conference on computer vision},
  pages={3676--3684},
  year={2015}
}

@inproceedings{girshick2015fast,
  title={Fast r-cnn},
  author={Girshick, Ross},
  booktitle={Proceedings of the IEEE international conference on computer vision},
  pages={1440--1448},
  year={2015}
}

@article{ren2016faster,
  title={Faster R-CNN: towards real-time object detection with region proposal networks},
  author={Ren, Shaoqing and He, Kaiming and Girshick, Ross and Sun, Jian},
  journal={IEEE transactions on pattern analysis and machine intelligence},
  volume={39},
  number={6},
  pages={1137--1149},
  year={2016},
  publisher={IEEE}
}

@article{redmon2018yolov3,
  title={Yolov3: An incremental improvement},
  author={Redmon, Joseph and Farhadi, Ali},
  journal={arXiv preprint arXiv:1804.02767},
  year={2018}
}

@inproceedings{long2015fully,
  title={Fully convolutional networks for semantic segmentation},
  author={Long, Jonathan and Shelhamer, Evan and Darrell, Trevor},
  booktitle={Proceedings of the IEEE conference on computer vision and pattern recognition},
  pages={3431--3440},
  year={2015}
}

@article{chen2017rethinking,
  title={Rethinking atrous convolution for semantic image segmentation},
  author={Chen, Liang-Chieh and Papandreou, George and Schroff, Florian and Adam, Hartwig},
  journal={arXiv preprint arXiv:1706.05587},
  year={2017}
}

@article{articleFootPressure,
author = {Heravi, H and Ebrahimi, Afshin and Nikzad, S and Olyaee, Ehsan and Zamani, Y},
year = {2018},
month = {01},
pages = {},
title = {Low Price Foot Pressure Distribution Screening Technique: Optical Podoscope with Accurate Foot Print Segmentation using Hidden Markov Random Field Model},
volume = {10},
journal = {Journal of Biomedical Physics and Engineering},
doi = {10.31661/jbpe.v0i0.618}
}


 @article{Mickle2006TheFO,
  title={The Feet of Overweight and Obese Young Children: Are They Flat or Fat?},
  author={Karen J. Mickle and Julie R. Steele and Bridget Munro},
  journal={Obesity},
  year={2006},
  volume={14}
}
@article{Woniacka2013BodyWA,
  title={Body weight and the medial longitudinal foot arch: high-arched foot, a hidden problem?},
  author={Renata WoÅºniacka and Aneta Bac and StanisÅ‚aw Matusik and ElÅ¼bieta SzczygieÅ‚ and ElÅ¼bieta Ciszek},
  journal={European Journal of Pediatrics},
  year={2013},
  volume={172},
  pages={683 - 691}
}
@article{KohlsGatzoulis2009ThePO,
  title={The prevalence of symptomatic posterior tibialis tendon dysfunction in women over the age of 40 in England.},
  author={Julie A Kohls-Gatzoulis and Bailey Jordan Woods and John C Angel and D. Singh},
  journal={Foot and ankle surgery : official journal of the European Society of Foot and Ankle Surgeons},
  year={2009},
  volume={15 2},
  pages={
          75-81
        }
}
@article{Brewerton1963IDIOPATHICPC,
  title={"IDIOPATHIC" PES CAVUS: AN INVESTIGATION INTO ITS AETIOLOGY.},
  author={DerrickA. Brewerton and P. H. Sandifer and D. R. Sweetnam},
  journal={British medical journal},
  year={1963},
  volume={2 5358},
  pages={
          659-61
        }
}

@article{Smith1997PrevalenceOR,
  title={Prevalence of Radiographic Foot Abnormalities in Patients with Diabetes},
  author={Douglas G. Smith and B C Barnes and Andrew K Sands and Edward J. Boyko and Jessie H. Ahroni},
  journal={Foot \& Ankle International},
  year={1997},
  volume={18},
  pages={342 - 346}
}

@article{Winfeld2019ManagementOP,
  title={Management of pediatric foot deformities: an imaging review},
  author={Matthew J Winfeld and Brittany E Winfeld},
  journal={Pediatric Radiology},
  year={2019},
  volume={49},
  pages={1678 - 1690}
}

@article{Chen2010FootprintAO,
  title={Footprint analysis of flatfoot in preschool-aged children},
  author={Kun-Chung Chen and Chih-Jung Yeh and J Kuo and Ching-Lin Hsieh and Shun-Fa Yang and Chun-Hou Wang},
  journal={European Journal of Pediatrics},
  year={2010},
  volume={170},
  pages={611-617}
}
@article{Pauk2014AssessingPP,
  title={Assessing plantar pressure distribution in children with flatfoot arch: application of the Clarke angle.},
  author={Jolanta Pauk and Mikhail Ihnatouski and Bijan Najafi},
  journal={Journal of the American Podiatric Medical Association},
  year={2014},
  volume={104 6},
  pages={
          622-32
        }
}
@article{Kanatl2001FootprintAR,
  title={Footprint and Radiographic Analysis of the Feet},
  author={Ulunay KanatlÄ± and Haluk Yetkin and Erdal Cila},
  journal={Journal of Pediatric Orthopaedics},
  year={2001},
  volume={21},
  pages={225-228}
}
@article{Yaln2010EvaluationOT,
  title={Evaluation of the medial longitudinal arch: a comparison between the dynamic plantar pressure measurement system and radiographic analysis.},
  author={Nadir YalÃ§Ä±n and ErdinÃ§ Esen and Ulunay KanatlÄ± and Haluk Yetkin},
  journal={Acta orthopaedica et traumatologica turcica},
  year={2010},
  volume={44 3},
  pages={
          241-5
        }
}
@article{Didia1987TheUO,
  title={The Use of Footprint Contact Index II for Classification of Flat Feet in a Nigerian Population},
  author={B. C. Didia and E T Omu and A A Obuoforibo},
  journal={Foot \& Ankle International},
  year={1987},
  volume={7},
  pages={285 - 289}
}
@article{Cavanagh1987TheAI,
  title={The arch index: a useful measure from footprints.},
  author={Peter R. Cavanagh and Mary M. Rodgers},
  journal={Journal of biomechanics},
  year={1987},
  volume={20 5},
  pages={
          547-51
        }
}
@article{Igbigbi2002TheFR,
  title={The footprint ratio as a predictor of pes planus: a study of indigenous Malawians.},
  author={Patrick Sunday Igbigbi and B. C. Msamati},
  journal={The Journal of foot and ankle surgery : official publication of the American College of Foot and Ankle Surgeons},
  year={2002},
  volume={41 6},
  pages={
          394-7
        }
}
@article{Buldt2015FootPI,
  title={Foot posture is associated with kinematics of the foot during gait: A comparison of normal, planus and cavus feet.},
  author={Andrew K. Buldt and Pazit Levinger and George S. Murley and Hylton B. Menz and Christopher James Nester and Karl B. Landorf},
  journal={Gait \& posture},
  year={2015},
  volume={42 1},
  pages={
          42-8
        }
}
@article{Buldt2018FootPI,
  title={Foot posture is associated with plantar pressure during gait: A comparison of normal, planus and cavus feet.},
  author={Andrew K. Buldt and Saeed Forghany and Karl B. Landorf and Pazit Levinger and George S. Murley and Hylton B. Menz},
  journal={Gait \& posture},
  year={2018},
  volume={62},
  pages={
          235-240
        }
}

 @misc{sennotech_2021, 
  title={Gait Analysis Product}, 
  url={https://www.sennotech.com/en/index.php}, 
  journal={Sennotech},
  year={2021}, 
  month={Aug}
}

@misc{alfoots_2021, 
  title={Gait Analysis Product}, 
  url={https://alfoots.com:5000/en/sub/02_sub/02_sub02.php}, 
  journal={alFOOTs},
  year={2021}, 
  month={Aug}
}

@misc{vicon_2021, 
  title={Motion capture cameras: The full range from Vicon}, 
  url={https://www.vicon.com/hardware/cameras/}, 
  journal={Vicon}, 
  year={2021}, 
  month={Oct}
}

@misc{novel_2021, 
  title={emed Pressure Detection Device}, 
  url={https://www.novel.de/products/emed/}, 
  journal={Novel}, 
  year={2021}, 
  month={Aug}
}

@misc{medilogic_2021, 
  title={emed Pressure Detection Device}, 
  url={https://medilogic.com/en/pressure-measuring-platform-nx/}, 
  journal={Medilogic}, 
  year={2021}, 
  month={Aug}
}

@article{yalccin2010medial,
  title={Medial longitudinal ark{\i}n de{\u{g}}erlendirilmesi: dinamik plantar bas{\i}n{\c{c}} {\"o}l{\c{c}}{\"u}m sistemi ile radyografik y{\"o}ntemlerin kar{\c{s}}{\i}la{\c{s}}t{\i}r{\i}lmas{\i}},
  author={Yal{\c{c}}{\i}n, N and Esen, Erdin{\c{c}} and Kanatl{\i}, U and Yetkin, Haluk},
  journal={Acta Orthop Traumatol Turc},
  volume={44},
  number={3},
  pages={241--5},
  year={2010}
}

@article{menz2005validity,
  title={Validity of 3 clinical techniques for the measurement of static foot posture in older people},
  author={Menz, Hylton B and Munteanu, Shannon E},
  journal={Journal of Orthopaedic \& Sports Physical Therapy},
  volume={35},
  number={8},
  pages={479--486},
  year={2005},
  publisher={JOSPT, Inc. JOSPT, 1033 North Fairfax Street, Suite 304, Alexandria, VA~â€¦}
}

@article{gun2012correlation,
  title={The correlation between footprint and radiographic measurements in flatfoot},
  author={Gun, Kerem and Saridogan, Merih and Uysal, Omer},
  year={2012}
}

@article{articleKeukenkampDiabeticMedicine,
  author = {Keukenkamp, Renske and Busch-Westbroek, Tessa and Barn, Ruth and Woodburn, James and Bus, Sicco},
  year = {2020},
  month = {11},
  pages = {},
  title = {Foot ulcer recurrence, plantar pressure and footwear adherence in people with diabetes and Charcot midfoot deformity: A cohort analysis},
  volume = {38},
  journal = {Diabetic Medicine},
  doi = {10.1111/dme.14438}
}

@article{BOSCH2010564,
  title = {Development of healthy children's feetâ€”Nine-year results of a longitudinal investigation of plantar loading patterns},
  journal = {Gait \& Posture},
  volume = {32},
  number = {4},
  pages = {564-571},
  year = {2010},
  issn = {0966-6362},
  doi = {https://doi.org/10.1016/j.gaitpost.2010.08.003},
  url = {https://www.sciencedirect.com/science/article/pii/S0966636210002274},
  author = {Kerstin Bosch and Joachim GerÃŸ and Dieter Rosenbaum}
}


@article{pita2017flat,
  title={Flat foot in a random population and its impact on quality of life and functionality},
  author={Pita-Fernandez, Salvador and Gonzalez-Martin, Cristina and Alonso-Tajes, Francisco and Seoane-Pillado, Teresa and Pertega-Diaz, Sonia and Perez-Garcia, Sergio and Seijo-Bestilleiro, Rocio and Balboa-Barreiro, Vanesa},
  journal={Journal of clinical and diagnostic research: JCDR},
  volume={11},
  number={4},
  pages={LC22},
  year={2017},
  publisher={JCDR Research \& Publications Private Limited}
}

@article{menz2010characteristics,
  title={Characteristics of primary care consultations for musculoskeletal foot and ankle problems in the UK},
  author={Menz, Hylton B and Jordan, Kelvin P and Roddy, Edward and Croft, Peter R},
  journal={Rheumatology},
  volume={49},
  number={7},
  pages={1391--1398},
  year={2010},
  publisher={Oxford University Press}
}

@article{ccilli2009prevalence,
  title={Prevalence of flatfoot in Turkish male adolescents.},
  author={{\c{C}}illi, Feridun and Pehlivan, {\"O}zcan and Keklik{\c{c}}i, Kenan and Mahiro{\u{g}}ullari, Mahir and Ku{\c{s}}kucu, Mesih},
  journal={Eklem hastaliklari ve cerrahisi= Joint diseases \& related surgery},
  volume={20},
  number={2},
  pages={90--92},
  year={2009}
}

@article{pfeiffer2006prevalence,
  title={Prevalence of flat foot in preschool-aged children},
  author={Pfeiffer, Martin and Kotz, Rainer and Ledl, Thomas and Hauser, Gertrude and Sluga, Maria},
  journal={Pediatrics},
  volume={118},
  number={2},
  pages={634--639},
  year={2006},
  publisher={Am Acad Pediatrics}
}

@article{abdel2006flat,
  title={Flat foot among Saudi Arabian army recruits: prevalence and risk factors},
  author={Abdel Fattah, MM and Hassanin, MM and Felembane, FA and Nassaane, Mi T},
  journal={EMHJ-Eastern Mediterranean Health Journal, 12 (1-2), 211-217, 2006},
  year={2006}
}

@article{chen2009flatfoot,
  title={Flatfoot prevalence and foot dimensions of 5--to 13-year-old children in Taiwan},
  author={Chen, Jiann-Perng and Chung, Meng-Jung and Wang, Mao-Jiun},
  journal={Foot \& ankle international},
  volume={30},
  number={4},
  pages={326--332},
  year={2009},
  publisher={SAGE Publications Sage CA: Los Angeles, CA}
}

@article{kharbuja2017prevalence,
  title={Prevalence Of Pes Cavus And Pes Planus Among School Going Children Of Bhaktapur District, Nepal},
  author={Kharbuja, R and Dhungel, S},
  journal={Nepal Med Coll J},
  volume={19},
  number={1},
  pages={9--12},
  year={2017}
}

@article{bostrom2003ethical,
  title={Ethical issues in advanced artificial intelligence},
  author={Bostrom, Nick},
  journal={Science fiction and philosophy: from time travel to superintelligence},
  pages={277--284},
  year={2003}
}

@inproceedings{deepResidualLearning2016,
  author = {He, Kaiming and Zhang, Xiangyu and Ren, Shaoqing and Sun, Jian},
  year = {2016},
  month = {06},
  pages = {770-778},
  booktitle={Proceedings of the IEEE conference on computer vision and pattern recognition},
  title = {Deep Residual Learning for Image Recognition},
  doi = {10.1109/CVPR.2016.90}
}

@article{riskowski2011measures,
  title={Measures of foot function, foot health, and foot pain},
  author={Riskowski, Jody L and Hagedorn, Thomas J and Hannan, Marian T},
  journal={Arthritis care \& research},
  volume={63},
  number={0 11},
  pages={S229},
  year={2011},
  publisher={NIH Public Access}
}

@article{veli2004shoes,
  title={Shoes and foot health Shoes and foot health},
  author={Veli, L{\"o}k and AydÄ±nok, Hilmi},
  journal={Acta Orthopaedica et Traumatologica Turcica},
  volume={24},
  number={3},
  pages={188--194},
  year={2004}
}